{
	@Article{PhysRevLett.13.321,
	  title = "{Broken Symmetry and the Mass of Gauge Vector Mesons}",
	  author = {Englert, F. and Brout, R.},
	  journal = {Phys. Rev. Lett.},
	  volume = {13},
	  issue = {9},
	  pages = {321--323},
	  numpages = {0},
	  year = {1964},
	  publisher = {American Physical Society},
	  doi = {10.1103/PhysRevLett.13.321},
	  url = {https://link.aps.org/doi/10.1103/PhysRevLett.13.321}
	}
	@Article{PhysRevLett.13.508,
      	  title = "{Broken Symmetries and the Masses of Gauge Bosons}",
      	  author = {Higgs, Peter W.},
      	  journal = {Phys. Rev. Lett.},
      	  volume = {13},
      	  issue = {16},
      	  pages = {508--509},
      	  numpages = {0},
      	  year = {1964},
      	  publisher = {American Physical Society},
      	  doi = {10.1103/PhysRevLett.13.508},
      	  url = {https://link.aps.org/doi/10.1103/PhysRevLett.13.508}
  	}
	@Article{PhysRevLett.13.585,
	  title = "{Global Conservation Laws and Massless Particles}",
	  author = {Guralnik, G. S. and Hagen, C. R. and Kibble, T. W. B.},
	  journal = {Phys. Rev. Lett.},
	  volume = {13},
	  issue = {20},
	  pages = {585--587},
	  numpages = {0},
	  year = {1964},
	  publisher = {American Physical Society},
	  doi = {10.1103/PhysRevLett.13.585},
	  url = {https://link.aps.org/doi/10.1103/PhysRevLett.13.585}
	}

	@Article{WdiscoveryUA1,
  	  title = "{Experimental observation of isolated large transverse energy electrons with associated missing energy at $\sqrt{s} =$ 540 GeV}",
  	  journal = "Physics Letters B",
  	  volume = "122",
  	  pages = "103 - 116",
  	  year = "1983",
  	  issn = "0370-2693",
  	  doi = "https://doi.org/10.1016/0370-2693(83)91177-2",
  	  url = "http://www.sciencedirect.com/science/article/pii/0370269383911772",
  	  author = "G. Arnison and A. Astbury and B. Aubert and C. Bacci and G. Bauer and A. BÃ©zaguet and R. BÃ¶ck and T.J.V. Bowcock and M. Calvetti and T. Carroll and P. Catz and P. Cennini and S. Centro and F. Ceradini and S. Cittolin and D. Cline and C. Cochet and J. Colas and M. Corden and D. Dallman and M. DeBeer and M. Della Negra and M. Demoulin and D. Denegri and A. Di Ciaccio and D. DiBitonto and L. Dobrzynski and J.D. Dowell and M. Edwards and K. Eggert and E. Eisenhandler and N. Ellis and P. Erhard and H. Faissner and G. Fontaine and R. Frey and R. FrÃŒhwirth and J. Garvey and S. Geer and C. GhesquiÃšre and P. Ghez and K.L. Giboni and W.R. Gibson and Y. Giraud-HÃ©raud and A. Givernaud and A. Gonidec and G. Grayer and P. Gutierrez and T. Hansl-Kozanecka and W.J. Haynes and L.O. Hertzberger and C. Hodges and D. Hoffmann and H. Hoffmann and D.J. Holthuizen and R.J. Homer and A. Honma and W. Jank and G. Jorat and P.I.P. Kalmus and V. KarimÃ€ki and R. Keeler and I. Kenyon and A. Kernan and R. Kinnunen and H. Kowalski and W. Kozanecki and D. Kryn and F. Lacava and J.-P. Laugier and J.-P. Lees and H. Lehmann and K. Leuchs and A. LÃ©vÃªque and E. Linglin and E. Locci and M. Loret and J.-J. Malosse and T. Markiewicz and G. Maurin and T. McMahon and J.-P. Mendiburu and M.-N. Minard and M. Moricca and H. Muirhead and F. Muller and A.K. Nandi and L. Naumann and A. Norton and A. Orkin-Lecourtois and L. Paoluzi and G. Petrucci and G.Piano Mortari and M. PimiÃ€ and A. Placci and E. Radermacher and J. Ransdell and H. Reithler and J.-P. Revol and J. Rich and M. Rijssenbeek and C. Roberts and J. Rohlf and P. Rossi and C. Rubbia and B. Sadoulet and G. Sajot and G. Salvi and J. Salvini and J. Sass and A. Saudraix and A. Savoy-Navarro and D. Schinzel and W. Scott and T.P. Shah and M. Spiro and J. Strauss and K. Sumorok and F. Szoncso and D. Smith and C. Tao and G. Thompson and J. Timmer and E. Tscheslog and J. Tuominiemi and S. Van der Meer and J.-P. Vialle and J. Vrana and V. Vuillemin and H.D. Wahl and P. Watkins and J. Wilson and Y.G. Xie and M. Yvert and E. Zurfluh",
	  collaboration = "UA1"
	}
	@Article{WdiscoveryUA2,
	  collaboration = "UA2",
	  title = "{Observation of single isolated electrons of high transverse momentum in events with missing transverse energy at the CERN $\bar{p}p$ collider}",
	  journal = "Physics Letters B",
	  volume = "122",
	  pages = "476 - 485",
	  year = "1983",
	  issn = "0370-2693",
	  doi = "https://doi.org/10.1016/0370-2693(83)91605-2",
	  url = "http://www.sciencedirect.com/science/article/pii/0370269383916052",
	  author = "M. Banner and R. Battiston and Ph. Bloch and F. Bonaudi and K. Borer and M. Borghini and J.-C. Chollet and A.G. Clark and C. Conta and P. Darriulat and L. Di Lella and J. Dines-Hansen and P.-A. Dorsaz and L. Fayard and M. Fraternali and D. Froidevaux and J.-M. Gaillard and O. Gildemeister and V.G. Goggi and H. Grote and B. Hahn and H. HÃ€nni and J.R. Hansen and P. Hansen and T. Himel and V. HungerbÃŒhler and P. Jenni and O. Kofoed-Hansen and E. LanÃ§on and M. Livan and S. Loucatos and B. Madsen and P. Mani and B. Mansoulie and G.C. Mantovani and L. Mapelli and B. Merkel and M. Mermikides and R. MÃžllerud and B. Nilsson and C. Onions and G. Parrour and F. Pastore and H. Plothow-Besch and M. Polverel and J.-P. Repellin and A. Rothenberg and A. Roussarie and G. Sauvage and J. Schacher and J.L. Siegrist and H.M. Steiner and G. Stimpfl and F. Stocker and J. Teiger and V. Vercesi and A. Weidberg and H. Zaccone and W. Zeller"
	}
	@Article{ZdiscoveryUA1,
	  collaboration = "UA1",
	  title = "{Experimental observation of lepton pairs of invariant mass around 95 GeV/$c^2$ at the CERN SPS collider}",
	  journal = "Physics Letters B",
	  volume = "126",
	  pages = "398 - 410",
	  year = "1983",
	  issn = "0370-2693",
	  doi = "https://doi.org/10.1016/0370-2693(83)90188-0",
	  url = "http://www.sciencedirect.com/science/article/pii/0370269383901880",
	  author = "G. Arnison and A. Astbury and B. Aubert and C. Bacci and G. Bauer and A. BÃ©zaguet and R. BÃ¶ck and T.J.V. Bowcock and M. Calvetti and P. Catz and P. Cennini and S. Centro and F. Ceradini and S. Cittolin and D. Cline and C. Cochet and J. Colas and M. Corden and D. Dallman and D. Dau and M. DeBeer and M.Della Negra and M. Demoulin and D. Denegri and A. Di Ciaccio and D. Dibitonto and L. Dobrzynski and J.D. Dowell and K. Eggert and E. Eisenhandler and N. Ellis and P. Erhard and H. Faissner and M. Fincke and G. Fontaine and R. Frey and R. FrÃŒhwirth and J. Garvey and S. Geer and C. GhesquiÃšre and P. Ghez and K. Giboni and W.R. Gibson and Y. Giraud-HÃ©raud and A. Givernaud and A. Gonidec and G. Grayer and T. Hansl-KozaÈ§ecka and W.J. Haynes and L.O. Hertzberger and C. Hodges and D. Hoffmann and H. Hoffmann and D.J. Holthuizen and R.J. Homer and A. Honma and W. Jank and G. Jorat and P.I.P. Kalmus and V. KarimÃ€ki and R. Keeler and I. Kenyon and A. Kernan and R. Kinnunen and W. Kozanecki and D. Kryn and F. Lacava and J.-P. Laugier and J.-P. Lees and H. Lehmann and R. Leuchs and A. LÃ©vÃªque and D. Linglin and E. Locci and J.-J. Malosse and T. Markiewicz and G. Maurin and T. McMahon and J.-P. Mendiburu and M.-N. Minard and M. Mohammadi and M. Moricca and K. Morgan and H. Muirhead and F. Muller and A.K. Nandi and L. Naumann and A. Norton and A. Orkin-Lecourtois and L. Paoluzi and F. Pauss and G.Piano Mortari and E. Pietarinen and M. PimiÃ€ and A. Placci and J.P. Porte and E. Radermacher and J. Ransdell and H. Reithler and J.-P. Revol and J. Rich and M. Rijssenbeek and C. Roberts and J. Rohlf and P. Rossi and C. Rubbia and B. Sadoulet and G. Sajot and G. Salvi and G. Salvini and J. Sass and J. Saudraix and A. Savoy-Navarro and D. Schinzel and W. Scott and T.P. Shah and M. Spiro and J. Strauss and J. Streets and K. Sumorok and F. Szoncso and D. Smith and C. Tao and G. Thompson and J. Timmer and E. Tscheslog and J. Touminiemi and B. Van Eijk and J.-P. Vialle and J. Vrana and V. Vuillemin and H.D. Wahl and P. Watkins and J. Wilson and C. Wulz and G.Y. Xie and M. Yvert and E. Zurfluh"
	}
	@Article{ZdiscoveryUA2,
	  collaboration = "UA2",
	  title = "{Evidence for $Z^0\rightarrow e^+e^-$ at the CERN $\bar{p}p$ collider}",
	  journal = "Physics Letters B",
	  volume = "129",
	  pages = "130 - 140",
	  year = "1983",
	  issn = "0370-2693",
	  doi = "https://doi.org/10.1016/0370-2693(83)90744-X",
	  url = "http://www.sciencedirect.com/science/article/pii/037026938390744X",
	  author = "P. Bagnaia and M. Banner and R. Battiston and Ph. Bloch and F. Bonaudi and K. Borer and M. Borghini and J.-C. Chollet and A.G. Clark and C. Conta and P. Darriulat and L. Di Lella and J. Dines-Hansen and P.A. Dorsaz and L. Fayard and M. Fraternali and D. Froidevaux and G. Fumagalli and J.-M. Gaillard and O. Gildemeister and V.G. Goggi and H. Grote and B. Hahn and H. HÃ€nni and J.R. Hansen and P. Hansen and T. Himel and V. HungerbÃŒhler and P. Jenni and O. Kofoed-Hansen and E. LanÃ§on and M. Livan and S. Loucatos and B. Madsen and P. Mani and B. MansouliÃ© and G.C. Mantovani and L. Mapelli and B. Merkel and M. Mermikides and R. MÃžllerud and B. Nilsson and C. Onions and G. Parrour and F. Pastore and H. Plothow-Besch and M. Polverel and J.-P. Repellin and A. Rimoldi and A. Rothenberg and A. Roussarie and G. Sauvage and J. Schacher and J.L. Siegrist and H.M. Steiner and G. Stimpfl and F. Stocker and J. Teiger and V. Vercesi and A.R. Weidberg and H. Zaccone and J.A. Zakrzewski and W. Zeller"
	}
	@Article{TopdiscoveryCDF,
	  title = "{Observation of Top Quark Production in $\overline{\mathit{p}}\mathit{p}$ Collisions with the Collider Detector at Fermilab}",
	  author = {Abe, F. and Akimoto, H. and Akopian, A. and Albrow, M. G. and Amendolia, S. R. and Amidei, D. and Antos, J. and Anway-Wiese, C. and Aota, S. and Apollinari, G. and Asakawa, T. and Ashmanskas, W. and Atac, M. and Auchincloss, P. and Azfar, F. and Azzi-Bacchetta, P. and Bacchetta, N. and Badgett, W. and Bagdasarov, S. and Bailey, M. W. and Bao, J. and de Barbaro, P. and Barbaro-Galtieri, A. and Barnes, V. E. and Barnett, B. A. and Bartalini, P. and Bauer, G. and Baumann, T. and Bedeschi, F. and Behrends, S. and Belforte, S. and Bellettini, G. and Bellinger, J. and Benjamin, D. and Benlloch, J. and Bensinger, J. and Benton, D. and Beretvas, A. and Berge, J. P. and Bertolucci, S. and Bhatti, A. and Biery, K. and Binkley, M. and Bisello, D. and Blair, R. E. and Blocker, C. and Bodek, A. and Bokhari, W. and Bolognesi, V. and Bortoletto, D. and Boudreau, J. and Brandenburg, G. and Breccia, L. and Bromberg, C. and Buckley-Geer, E. and Budd, H. S. and Burkett, K. and Busetto, G. and Byon-Wagner, A. and Byrum, K. L. and Cammerata, J. and Campagnari, C. and Campbell, M. and Caner, A. and Carithers, W. and Carlsmith, D. and Castro, A. and Cauz, G. and Cen, Y. and Cervelli, F. and Chao, H. Y. and Chapman, J. and Cheng, M.-T. and Chiarelli, G. and Chikamatsu, T. and Chiou, C. N. and Christofek, L. and Cihangir, S. and Clark, A. G. and Cobal, M. and Contreras, M. and Conway, J. and Cooper, J. and Cordelli, M. and Couyoumtzelis, C. and Crane, D. and Cronin-Hennessy, D. and Culbertson, R. and Cunningham, J. D. and Daniels, T. and DeJongh, F. and Delchamps, S. and Dell'Agnello, S. and Dell'Orso, M. and Demortier, L. and Denby, B. and Deninno, M. and Derwent, P. F. and Devlin, T. and Dickson, M. and Dittmann, J. R. and Donati, S. and Drucker, R. B. and Dunn, A. and Eddy, N. and Einsweiler, K. and Elias, J. E. and Ely, R. and Engels, Jr., E. and Errede, D. and Errede, S. and Fan, Q. and Fiori, I. and Flaugher, B. and Foster, G. W. and Franklin, M. and Frautschi, M. and Freeman, J. and Friedman, J. and Frisch, H. and Fuess, T. A. and Fukui, Y. and Funaki, S. and Gagliardi, G. and Galeotti, S. and Gallinaro, M. and Garcia-Sciveres, M. and Garfinkel, A. F. and Gay, C. and Geer, S. and Gerdes, D. W. and Giannetti, P. and Giokaris, N. and Giromini, P. and Gladney, L. and Glenzinski, D. and Gold, M. and Gonzalez, J. and Gordon, A. and Goshaw, A. T. and Goulianos, K. and Grassmann, H. and Groer, L. and Grosso-Pilcher, C. and Guillian, G. and Guo, R. S. and Haber, C. and Hahn, S. R. and Hamilton, R. and Handler, R. and Hans, R. M. and Hara, K. and Harral, B. and Harris, R. M. and Hauger, S. A. and Hauser, J. and Hawk, C. and Hayashi, E. and Heinrich, J. and Hohlmann, M. and Holck, C. and Hollebeek, R. and Holloway, L. and H\"olscher, A. and Hong, S. and Houk, G. and Hu, P. and Huffman, B. T. and Hughes, R. and Huston, J. and Huth, J. and Hylen, J. and Ikeda, H. and Incagli, M. and Incandela, J. and Iwai, J. and Iwata, Y. and Jensen, H. and Joshi, U. and Kadel, R. W. and Kajfasz, E. and Kamon, T. and Kaneko, T. and Karr, K. and Kasha, H. and Kato, Y. and Keeble, L. and Kelley, K. and Kennedy, R. D. and Kephart, R. and Kesten, P. and Kestenbaum, D. and Keup, R. M. and Keutelian, H. and Keyvan, F. and Kim, B. J. and Kim, D. H. and Kim, H. S. and Kim, S. B. and Kim, S. H. and Kim, Y. K. and Kirsch, L. and Koehn, P. and Kondo, K. and Konigsberg, J. and Kopp, S. and Kordas, K. and Koska, W. and Kovacs, E. and Kowald, W. and Krasberg, M. and Kroll, J. and Kruse, M. and Kuwabara, T. and Kuhlmann, S. E. and Kuns, E. and Laasanen, A. T. and Labanca, N. and Lammel, S. and Lamoureux, J. I. and LeCompte, T. and Leone, S. and Lewis, J. D. and Limon, P. and Lindgren, M. and Liss, T. M. and Lockyer, N. and Long, O. and Loomis, C. and Loreti, M. and Lu, J. and Lucchesi, D. and Lukens, P. and Lusin, S. and Lys, J. and Maeshima, K. and Maghakian, A. and Maksimovic, P. and Mangano, M. and Mansour, J. and Mariotti, M. and Marriner, J. P. and Martin, A. and Matthews, J. A. J. and Mattingly, R. and McIntyre, P. and Melese, P. and Menzione, A. and Meschi, E. and Metzler, S. and Miao, C. and Michail, G. and Mikamo, S. and Miller, R. and Minato, H. and Miscetti, S. and Mishina, M. and Mitsushio, H. and Miyamoto, T. and Miyashita, S. and Morita, Y. and Mueller, J. and Mukherjee, A. and Muller, T. and Murat, P. and Nakada, H. and Nakano, I. and Nelson, C. and Neuberger, D. and Newman-Holmes, C. and Ninomiya, M. and Nodulman, L. and Ogawa, S. and Oh, S. H. and Ohl, K. E. and Ohmoto, T. and Ohsugi, T. and Oishi, R. and Okabe, M. and Okusawa, T. and Oliver, R. and Olsen, J. and Pagliarone, C. and Paoletti, R. and Papadimitriou, V. and Pappas, S. P. and Park, S. and Patrick, J. and Pauletta, G. and Paulini, M. and Pescara, L. and Peters, M. D. and Phillips, T. J. and Piacentino, G. and Pillai, M. and Pitts, K. T. and Plunkett, R. and Pondrom, L. and Proudfoot, J. and Ptohos, F. and Punzi, G. and Ragan, K. and Ribon, A. and Rimondi, F. and Ristori, L. and Robertson, W. J. and Rodrigo, T. and Romano, J. and Rosenson, L. and Roser, R. and Sakumoto, W. K. and Saltzberg, D. and Sansoni, A. and Santi, L. and Sato, H. and Scarpine, V. and Schlabach, P. and Schmidt, E. E. and Schmidt, M. P. and Sciacca, G. F. and Scribano, A. and Segler, S. and Seidel, S. and Seiya, Y. and Sganos, G. and Sgolacchia, A. and Shapiro, M. D. and Shaw, N. M. and Shen, Q. and Shepard, P. F. and Shimojima, M. and Shochet, M. and Siegrist, J. and Sill, A. and Sinervo, P. and Singh, P. and Skarha, J. and Sliwa, K. and Smith, D. A. and Snider, F. D. and Song, T. and Spalding, J. and Sphicas, P. and Spiegel, L. and Spies, A. and Stanco, L. and Steele, J. and Stefanini, A. and Strahl, K. and Strait, J. and Stuart, D. and Sullivan, G. and Soumarokov, A. and Sumorok, K. and Suzuki, J. and Takada, T. and Takahashi, T. and Takano, T. and Takikawa, K. and Tamura, N. and Tartarelli, F. and Taylor, W. and Teng, P. K. and Teramoto, Y. and Tether, S. and Theriot, D. and Thomas, T. L. and Thun, R. and Timko, M. and Tipton, P. and Titov, A. and Tkaczyk, S. and Toback, D. and Tollefson, K. and Tollestrup, A. and Tonnison, J. and de Troconiz, J. F. and Truitt, S. and Tseng, J. and Turini, N. and Uchida, T. and Uemura, N. and Ukegawa, F. and Unal, G. and van den Brink, S. C. and Vejcik III, S. and Velev, G. and Vidal, R. and Vondracek, M. and Vucinic, D. and Wagner, R. G. and Wagner, R. L. and Wahl, J. and Walker, R. C. and Wang, C. and Wang, C. H. and Wang, G. and Wang, J. and Wang, M. J. and Wang, Q. F. and Warburton, A. and Watts, G. and Watts, T. and Webb, R. and Wei, C. and Wendt, C. and Wenzel, H. and Wester III, W. C. and Wicklund, A. B. and Wicklund, E. and Wilkinson, R. and Williams, H. H. and Wilson, P. and Winer, B. L. and Wolinski, D. and Wolinski, J. and Wu, X. and Wyss, J. and Yagil, A. and Yao, W. and Yasuoka, K. and Ye, Y. and Yeh, G. P. and Yeh, P. and Yin, M. and Yoh, J. and Yosef, C. and Yoshida, T. and Yovanovitch, D. and Yu, I. and Yun, J. C. and Zanetti, A. and Zetti, F. and Zhang, L. and Zhang, W. and Zucchelli, S.},
	  collaboration = {CDF},
	  journal = {Phys. Rev. Lett.},
	  volume = {74},
	  issue = {14},
	  pages = {2626--2631},
	  numpages = {0},
	  year = {1995},
	  publisher = {American Physical Society},
	  doi = {10.1103/PhysRevLett.74.2626},
	  url = {https://link.aps.org/doi/10.1103/PhysRevLett.74.2626}
	}
	@Article{TopdiscoveryD0,
	  title = "{Observation of the Top Quark}",
	  collaboration = "{D0}",
	  journal = {Phys. Rev. Lett.},
	  volume = {74},
	  issue = {14},
	  pages = {2632--2637},
	  numpages = {0},
	  year = {1995},
	  publisher = {American Physical Society},
	  doi = {10.1103/PhysRevLett.74.2632},
	  url = {https://link.aps.org/doi/10.1103/PhysRevLett.74.2632}
	}
	@Article{HiggsCMS,
  	  collaboration = "{CMS}",
  	  title = "{Observation of a new boson at a mass of 125 GeV with the CMS experiment at the LHC}",
  	  journal = "Physics Letters B",
  	  volume = "716",
  	  pages = "30 - 61",
  	  year = "2012",
  	  issn = "0370-2693",
  	  doi = "https://doi.org/10.1016/j.physletb.2012.08.021",
  	  url = "http://www.sciencedirect.com/science/article/pii/S0370269312008581",
	}
	@Article{HiggsATLAS,
	  collaboration = "{ATLAS}",
	  title = "{Observation of a new particle in the search for the Standard Model Higgs boson with the ATLAS detector at the LHC}",
	  journal = "Physics Letters B",
	  volume = "716",
	  pages = "1 - 29",
	  year = "2012",
	  issn = "0370-2693",
	  doi = "https://doi.org/10.1016/j.physletb.2012.08.020",
	  url = "http://www.sciencedirect.com/science/article/pii/S037026931200857X",
	}
	@Article{DMRubin,
	  author = {Rubin, Vera C. and Ford, W. Kent, Jr.},
	  title = "{Rotation of the Andromeda Nebula from a Spectroscopic Survey of Emission Regions}",
	  journal = {Astrophysical Journal},
	  volume = {159},
	  pages = {379},
	  year = {1970},
	  doi = "10.1086/150317"
	}
	@Article{SUSY:Ramond,
	    author    = "P. Ramond",
	    title     = "Dual theory for free fermions",
	    journal   = "Phys. Rev. D",
	    volume    = "3",
	    year      = "1971",
	    pages     = "2415",
	    doi       = "10.1103/PhysRevD.3.2415"
	}
	@Article{SUSY:Schwarz,
	    author    = "A. Neveu and J. H. Schwarz",
	    title     = "Factorizable dual model of pions",
	    journal   = "Nucl. Phys. B",
	    volume    = "31",
	    year      = "1971",
	    pages     = "86",
	    doi       = "10.1016/0550-3213(71)90448-2"
	}
	@Article{SUSY:Volkov,
	    author    = "D. V. Volkov and V. P. Akulov",
	    title     = "Possible universal neutrino interaction",
	    journal   = "JETP Lett.",
	    volume    = "16",
	    year      = "1972",
	    pages     = "438",
	}
	@Article{SUSY:Zumino,
	    author    = "J. Wess and B. Zumino",
	    title     = "A lagrangian model invariant under supergauge transformations",
	    journal   = "Phys. Lett. B",
	    volume    = "49",
	    year      = "1974",
	    pages     = "52",
	    doi       = "10.1016/0370-2693(74)90578-4"
	}
	@Article{SUSY:Wess,
	    author    = "J. Wess and B. Zumino",
	    title     = "Supergauge transformations in four dimensions",
	    journal   = "Nucl. Phys. B",
	    volume    = "70",
	    year      = "1974",
	    pages     = "39",
	    doi       = "10.1016/0550-3213(74)90355-1"
	}
	@Article{SUSY:Fayet,
	    author    = "P. Fayet",
	    title     = "Supergauge invariant extension of the Higgs mechanism and a model for the electron and its neutrino",
	    journal   = "Nucl. Phys. B",
	    volume    = "90",
	    year      = "1975",
	    pages     = "104",
	    doi       = "10.1016/0550-3213(75)90636-7"
	}
	@Article{SUSY:Nilles,
	    author    = "H. P. Nilles",
	    title     = "Supersymmetry, supergravity and particle physics",
	    journal   = "Phys. Rep.",
	    volume    = "110",
	    year      = "1984",
	    pages     = "1",
	    doi       = "10.1016/0370-1573(84)90008-5"
	}
	@book{Wess,
	  author = {Julius Wess, Jonathan Bagger},
	  title = "{Supersymmetry and Supergravity}",
	  year = {1992},
	  publisher = {Princeton University Press}
	}
	@Article{GGM:Shih,
	    author    = "P. Meade, N. Seiberg and D. Shih",
	    title     = "General gauge mediation",
	    journal   = "Prog. Theor. Phys. Suppl.",
	    volume    = "177",
	    year      = "2009",
	    pages     = "143",
	    doi       = "10.1143/PTPS.177.143",
	    eprint        = "0801.3278",
	    archivePrefix = "arXiv"
	}
	@Article{GGM:Mariotti,
	     author    = "P. Grajek, A. Mariotti and D. Redigolo",
	     title     = "Phenomenology of general gauge mediation in light of a 125 GeV Higgs",
	     journal   = "JHEP",
	     volume    = "07",
	     year      = "2013",
	     pages     = "109",
	     doi       = "10.1007/JHEP07(2013)109"
	}
	@Article{GGM:Rattazzi,
	     author    = "G. F. Giudice and R. Rattazzi",
	     title     = "Gauge-mediated supersymmetry breaking",
	     journal   = "Perspectives on Supersymmetry",
	     pages     = "p. 355.",
	     year      = "World Scientific, Singapore, 1998",
	}
	@Article{SimplifiedModel,
	  collaboration = {CMS},
	  title = {Interpretation of searches for supersymmetry with simplified models},
	  journal = {Phys. Rev. D},
	  volume = {88},
	  issue = {5},
	  pages = {052017},
	  numpages = {24},
	  year = {2013},
	  publisher = {American Physical Society},
	  doi = {10.1103/PhysRevD.88.052017},
	  url = {https://link.aps.org/doi/10.1103/PhysRevD.88.052017}
	}
	@Article{ALEPH,
	  author="Heister et al., A.",
	  title="Search for gauge mediated SUSY breaking topologies in ee collisions at centre-of-mass energies up to 209 GeV",
	  journal="The European Physical Journal C - Particles and Fields",
	  year="2002",
	  volume="25",
	  pages="339--351",
	  issn="1434-6052",
	  doi="10.1007/s10052-002-1005-z",
	  url="https://doi.org/10.1007/s10052-002-1005-z"
	}
	@Article{doi:10.1063/1.2735164,
	  author = {Gataullin,M.  and Rosier,S.  and Xia,L.  and Yang,H. },
	  title = "{Searches for Gauge-Mediated SUSY Breaking Topologies with the L3 Detector at LEP}",
	  journal = {AIP Conference Proceedings},
	  volume = {903},
	  pages = {217-220},
	  year = {2007},
	  doi = {10.1063/1.2735164},
	  URL = {https://aip.scitation.org/doi/abs/10.1063/1.2735164},
	  eprint = {https://aip.scitation.org/doi/pdf/10.1063/1.2735164}
	}
	@Article{DELPHI,
	  collaboration = "{DELPHI}",
	  author="Abreu et al., P.",
	  title="{Photon events with missing energy at $\sqrt{s}$ = 183 to 189 GeV}",
	  journal="The European Physical Journal C - Particles and Fields",
	  year="2000",
	  volume="17",
	  pages="53--65",
	  issn="1434-6052",
	  doi="10.1007/s100520000434",
	  url="https://doi.org/10.1007/s100520000434"
	}
	@Article{OPAL,
	  collaboration = "{OPAL}",
	  title="{Searches for Gauge-Mediated Supersymmetry Breaking topologies in $e^+e^-$ collisions at centre-of-mass energies up to $\sqrt{s} =$ 209 GeV}",
	  journal="The European Physical Journal C - Particles and Fields",
	  year="2006",
	  volume="46",
	  pages="307--341",
	  issn="1434-6052",
	  doi="10.1140/epjc/s2006-02524-8",
	  url="https://doi.org/10.1140/epjc/s2006-02524-8"
	}
	@Article{CDFdiphoton,
	  title = "{Search for anomalous production of diphoton events with missing transverse energy at CDF and limits on gauge-mediated supersymmetry-breaking models}",
	  collaboration = "{CDF}",
	  journal = {Phys. Rev. D},
	  volume = {71},
	  issue = {3},
	  pages = {031104},
	  numpages = {7},
	  year = {2005},
	  publisher = {American Physical Society},
	  doi = {10.1103/PhysRevD.71.031104},
	  url = {https://link.aps.org/doi/10.1103/PhysRevD.71.031104}
	}
	@Article{D0diphoton,
	  title = "{Search for supersymmetry in di-photon final states at s=1.96 TeV}",
	  journal = "Physics Letters B",
	  volume = "659",
	  pages = "856 - 863",
	  year = "2008",
	  issn = "0370-2693",
	  doi = "https://doi.org/10.1016/j.physletb.2007.12.006",
	  url = "http://www.sciencedirect.com/science/article/pii/S0370269307015110",
	  collaboration = {D0}
	}
	@Article{ATLASdiphoton7TeV,
	  collaboration = "{ATLAS}",
	  title = "{Search for diphoton events with large missing transverse momentum in 7 TeV proton-proton collision data with the ATLAS detector}",
	  journal = "Physics Letters B",
	  volume = "718",
	  pages = "411 - 430",
	  year = "2012",
	  issn = "0370-2693",
	  doi = "https://doi.org/10.1016/j.physletb.2012.10.069",
	  url = "http://www.sciencedirect.com/science/article/pii/S0370269312011355",
	}
	@Article{CMSdiphoton7TeV,
          author         = "Chatrchyan, Serguei and others",
          title          = "{Search for new physics in events with photons, jets, and
                            missing transverse energy in $pp$ collisions at
                            $\sqrt{s}=7$ TeV}",
          collaboration  = "{CMS}",
          journal        = "JHEP",
          volume         = "03",
          year           = "2013",
          pages          = "111",
          doi            = "10.1007/JHEP03(2013)111",
          eprint         = "1211.4784",
          archivePrefix  = "arXiv",
          primaryClass   = "hep-ex",
          reportNumber   = "CMS-SUS-12-001, CERN-PH-EP-2012-321",
          SLACcitation   = "%%CITATION = ARXIV:1211.4784;%%"
	}
	@Article{ATLASdiphoton8TeV,
	  title = "{Search for photonic signatures of gauge-mediated supersymmetry in 8 TeV $pp$ collisions with the ATLAS detector}",
	  collaboration = "{ATLAS}",
	  journal = {Phys. Rev. D},
	  volume = {92},
	  issue = {7},
	  pages = {072001},
	  numpages = {35},
	  year = {2015},
	  publisher = {American Physical Society},
	  doi = {10.1103/PhysRevD.92.072001},
	  url = {https://link.aps.org/doi/10.1103/PhysRevD.92.072001}
	}
	@Article{CMSdiphoton8TeV,
	  title = "{Search for supersymmetry with photons in $pp$ collisions at $\sqrt{s}=8\ \text{TeV}$}",
	  collaboration = {CMS},
	  journal = {Phys. Rev. D},
	  volume = {92},
	  issue = {7},
	  pages = {072006},
	  numpages = {23},
	  year = {2015},
	  publisher = {American Physical Society},
	  doi = {10.1103/PhysRevD.92.072006},
	  url = {https://link.aps.org/doi/10.1103/PhysRevD.92.072006}
	}
	@Article{ATLASdiphoton13TeV,
	  title = "{Search for photonic signatures of gauge-mediated supersymmetry in 13 TeV $pp$ collisions with the ATLAS detector}",
	  collaboration = "{ATLAS}",
	  journal = {Phys. Rev. D},
	  volume = {97},
	  issue = {9},
	  pages = {092006},
	  numpages = {32},
	  year = {2018},
	  publisher = {American Physical Society},
	  doi = {10.1103/PhysRevD.97.092006},
	  url = {https://link.aps.org/doi/10.1103/PhysRevD.97.092006}
	}
	@Article{Yutaro,
	  title = "{Search for supersymmetry in events with a photon, a lepton, and missing transverse momentum in pp collisions at $\sqrt{s}=$ 8 TeV}",
	  journal = "Physics Letters B",
	  volume = "757",
	  pages = "6 - 31",
	  year = "2016",
	  issn = "0370-2693",
	  doi = "https://doi.org/10.1016/j.physletb.2016.03.039",
	  url = "http://www.sciencedirect.com/science/article/pii/S0370269316300107",
	  collaboration = "{CMS}"
	}
	@Article{Yutarothesis,
	  title = "{Search for Supersymmetry in pp Collisions at $\sqrt{s}=8$ TeV with a Photon, Lepton, and Missing Transverse Energy}",
	  author = "Iiyama, Yutaro",
	  year = "2015",
	  journal = "Dissertations.",
	  pages = "Paper 594"
	}
	@book{LHCTDR,
	  editor         = "Voss, Rudiger and Breskin, Amos",
	  publisher      = "CERN",
	  title          = "{The CERN Large Hadron Collider, accelerator and
	                  experiments}",
	  url            = "http://www-spires.fnal.gov/spires/find/books/www?cl=QC787.P73C37::2009",
	  year           = "2009",
	  SLACcitation   = "%%CITATION = INSPIRE-873568;%%"
	}
	@Article{PixelPerformance,
  	  author={J. Karancsi},
	  collaboration = {CMS},
  	  title={Operational experience with the CMS pixel detector in LHC Run II},
  	  journal={Journal of Instrumentation},
  	  volume={11},
  	  pages={C12057},
  	  url={http://stacks.iop.org/1748-0221/11/i=12/a=C12057},
  	  year={2016}
	}
	@techreport{Sun:2233637,
	  author        = "Sun, Menglei",
	  title         = "{Achieving the optimal performance of the CMS ECAL in Run
	                   II}",
	  institution   = "CERN",
	  collaboration = "CMS",
	  address       = "Geneva",
	  number        = "CMS-CR-2016-325",
	  year          = "2016",
	  reportNumber  = "CMS-CR-2016-325",
	  url           = "http://cds.cern.ch/record/2233637",
	}
	@Article{MuonPerform7TeV,
      	  author         = "Chatrchyan, Serguei and others",
      	  title          = "{The performance of the CMS muon detector in
      	                    proton-proton collisions at $\sqrt{s}$ = 7 TeV at the LHC}",
      	  collaboration  = "CMS",
      	  journal        = "JINST",
      	  volume         = "8",
      	  year           = "2013",
      	  pages          = "P11002",
      	  doi            = "10.1088/1748-0221/8/11/P11002",
      	  eprint         = "1306.6905",
      	  archivePrefix  = "arXiv",
      	  primaryClass   = "physics.ins-det",
      	  reportNumber   = "CMS-MUO-11-001, CERN-PH-EP-2013-072",
      	  SLACcitation   = "%%CITATION = ARXIV:1306.6905;%%"
	}
	@Article{MuonPerform13TeV,
 	   author={C. Battilana},
 	   title={The CMS muon system: status and upgrades for LHC Run-2 and performance of muon reconstruction with 13 TeV data},
 	   journal={Journal of Instrumentation},
 	   volume={12},
 	   pages={C01048},
 	   url={http://stacks.iop.org/1748-0221/12/i=01/a=C01048},
 	   year={2017},
	}
	@techreport{Tapper:1556311,
	  author        = "Tapper, A and Acosta, Darin",
	  editor        = "Tapper, A",
	  title         = "{CMS Technical Design Report for the Level-1 Trigger
	                   Upgrade}",
	  collaboration = "CMS",
	  number        = "CERN-LHCC-2013-011. CMS-TDR-12",
	  year          = "2013",
	  reportNumber  = "CERN-LHCC-2013-011",
	  url           = "http://cds.cern.ch/record/1556311",
	}
	@Article{Zabi,
	  author={A. Zabi and F. Beaudette and L. Cadamuro and O. Davignon and T. Romanteau and T. Strebler and M. Cepeda and J.B. Sauvan and N.
	Wardle and R. Aggleton and F. Ball and J. Brooke and D. Newbold and S. Paramesvaran and D. Smith and J. Taylor and C. Foudas and M.
	Baber and A. Bundock and S. Breeze and M. Citron and A. Elwood and G. Hall and G. Iles and C. Laner and B. Penning and A. Rose and A.
	Shtipliyski and A. Tapper and I. Ojalvo and T. Durkin and K. Harder and S. Harper and C. Shepherd-Themistocleous and A. Thea and T.
	Williams and S. Dasu and L. Dodd and R. Forbes and T. Gorski and P. Klabbers and A. Levine and T. Ruggles and N. Smith and W. Smith and A.
	Svetek and J. Tikalsky and M. Vicente},
	  title={The CMS Level-1 Calorimeter Trigger for the LHC Run II},
	  journal={Journal of Instrumentation},
	  volume={12},
	  pages={C01065},
	  url={http://stacks.iop.org/1748-0221/12/i=01/a=C01065},
	  year={2017},
	}
	@Article{DQMFEDE,
	  author="{Federico De Guio and the CMS Collaboration}",
	  title={The CMS data quality monitoring software: experience and future prospects},
	  journal={Journal of Physics: Conference Series},
	  volume={513},
	  pages={032024},
	  url={http://stacks.iop.org/1742-6596/513/i=3/a=032024},
	  year={2014},
	}
	@Article{PARTICLEFLOW,
	  author         = "Sirunyan, A. M. and others",
	  title          = "{Particle-flow reconstruction and global event
	                    description with the CMS detector}",
	  collaboration  = "CMS",
	  journal        = "JINST",
	  volume         = "12",
	  year           = "2017",
	  pages          = "P10003",
	  doi            = "10.1088/1748-0221/12/10/P10003",
	  eprint         = "1706.04965",
	  archivePrefix  = "arXiv",
	  primaryClass   = "physics.ins-det",
	  reportNumber   = "CMS-PRF-14-001, CERN-EP-2017-110",
	  SLACcitation   = "%%CITATION = ARXIV:1706.04965;%%"
	}
	@Article{TrackPF,
	  author={CMS},
	  collaboration  = "CMS",
	  title={Description and performance of track and primary-vertex reconstruction with the CMS tracker},
	  journal={Journal of Instrumentation},
	  volume={9},
	  pages={P10009},
	  url={http://stacks.iop.org/1748-0221/9/i=10/a=P10009},
	  year={2014},
	}	
	@Article{PhotonPF,
	  author={CMS},
	  title={Performance of photon reconstruction and identification with the CMS detector in proton-proton collisions at $\sqrt{s}$ = 8 TeV},
	  journal={Journal of Instrumentation},
	  volume={10},
	  pages={P08010},
	  url={http://stacks.iop.org/1748-0221/10/i=08/a=P08010},
	  year={2015},
	}
	@Article{ElectronPF,
	  author={CMS},
	  collaboration = "CMS",
	  title={Performance of electron reconstruction and selection with the CMS detector in proton-proton collisions at $\sqrt{s}$ = 8 TeV},
	  journal={Journal of Instrumentation},
	  volume={10},
	  pages={P06005},
	  url={http://stacks.iop.org/1748-0221/10/i=06/a=P06005},
	  year={2015}
	}
	@Article{FastJet,
	author="Cacciari, Matteo and Salam, Gavin P. and Soyez, Gregory",
	title="FastJet user manual",
	journal="The European Physical Journal C",
	year="2012",
	volume="72",
	pages="1896",
	issn="1434-6052",
	doi="10.1140/epjc/s10052-012-1896-2",
	url="https://doi.org/10.1140/epjc/s10052-012-1896-2"
	}
	@Article{AntiKT,
	  author={Matteo Cacciari and Gavin P. Salam and Gregory Soyez},
	  title={The anti-kt jet clustering algorithm},
	  journal={Journal of High Energy Physics},
	  volume={2008},
	  pages={063},
	  url={http://stacks.iop.org/1126-6708/2008/i=04/a=063},
	  year={2008},
	}
	@Article{MuonPF,
	  author={The CMS collaboration},
	  collaboration = "CMS",
	  title={Performance of CMS muon reconstruction in pp collision events at $\sqrt{s}$ = 7 TeV},
	  journal={Journal of Instrumentation},
	  volume={7},
	  pages={P10002},
	  url={http://stacks.iop.org/1748-0221/7/i=10/a=P10002},
	  year={2012},
	}
	@Article{METPF,
	  author = {CMS},
	  title      = "{Missing transverse energy performance of the CMS
	                 detector}",
	  journal       = "JINST",
	  collaboration = "CMS",
	  number        = "arXiv:1106.5048. CMS-JME-10-009. CERN-PH-EP-2011-051",
	  volume        = "6",
	  pages         = "P09001. 56 p",
	  year          = "2011",
	  reportNumber  = "arXiv:1106.5048",
	  url           = "http://cds.cern.ch/record/1361632",
	}
	@Article{miniAOD,
	  author={G Petrucciani and A Rizzi and C Vuosalo},
	  title={Mini-AOD: A New Analysis Data Format for CMS},
	  journal={Journal of Physics: Conference Series},
	  volume={664},
	  pages={072052},
	  url={http://stacks.iop.org/1742-6596/664/i=7/a=072052},
	  year={2015},	
	}

@TECHREPORT{CMS_AN_2006-027,
     AUTHOR       = "Belotelov, I. and Golutvin, I. and Bourilkov, D. and Lanyov, A. and Rogalev, E. and Savina, M. and Shmatov, S.",
     TITLE        = "Search for {ADD} extra dimensional gravity in di-muon channel with the {CMS} Detector",
     TYPE      = "CMS Note",
     NUMBER       = "2006/076",
     URL          = "http://cdsweb.cern.ch/record/962045",
     YEAR         = "2006"}
@TECHREPORT{CMS_NOTE_2006-106,
     AUTHOR       = "Aldaya, M. and Arce, P. and Caballero, J. and de la Cruz, B. and Garcia-Abia, P. and Hernandez, J. M. and Josa, M. I. and Ruiz, E.",
     TITLE        = "Discovery potential and search strategy for the Standard Model {H}iggs boson in the {$H\to ZZ^\star\to 4\mu$} decay channel using a mass-independent analysis",
     TYPE      = "CMS Note",
     NUMBER       = "2006/106",
     URL          = "http://cdsweb.cern.ch/record/962058",
     YEAR         = "2006"}
%
% standard article
%
@Article{Brandt:1997gi,
     author    = "Brandt, A. and others",
 collaboration = "UA8",
     title     = "Measurements of single diffraction at $\sqrt{s} =$ 630 {GeV}:
                  Evidence for  a non-linear $\alpha(t)$ of the pomeron",
     journal   = "Nucl. Phys. B",
     volume    = "514",
     year      = "1998",
     pages     = "3",
     SLACcitation  = "%%CITATION = HEP-EX 9710004;%%",
     doi       = "10.1016/S0550-3213(97)00813-4"
}
@ARTICLE{Buchmuller:1986zs,
     AUTHOR       = "Buchm{\'u}ller, W. and Wyler, D.",
     TITLE        = "Constraints on {SU(5)}-type leptoquarks",
     JOURNAL      = "Phys. Lett. B",
     VOLUME       = "177",
     YEAR         = "1986",
     pages        = "377",
     SLACcitation  = "%%CITATION = PHLTA,B191,442;%%",
     doi          = "10.1016/0370-2693(86)90771-9"}
@Article{PTDR2,
     author    = "{CMS}",
     collaboration = "{CMS}",
     title     = "{CMS} technical design report, volume {II}: {Physics}
                  performance",
     journal   = "J. Phys. G",
     volume    = "34",
     year      = "2007",
     pages     = "995",
     doi       = "10.1088/0954-3899/34/6/S01",
     SLACcitation  = "%%CITATION = JPHGB,G34,995;%%"
}
% PAS are now TECHREPORTS. Same for Notes. A formatted list of PASs is located in [svn]/utils/branches/dev/general/pasBib-tech.bib
@TECHREPORT{CMS-PAS-JME-10-003,
	author = "CMS",
      COLLABORATION = {CMS},
      TITLE       = "Jet Performance in pp Collisions at $\sqrt{s}$=7 {TeV}",
      URL         = "http://cdsweb.cern.ch/record/1279362",
      TYPE     = "CMS Physics Analysis Summary",
      NUMBER      = "CMS-PAS-JME-10-003",
      YEAR        = "2010"
}
%SPIRES had this one as R. Adolphi, et. al. Wrong. Now corrected in InspireHEP.
@Article{Chatrchyan:2008zzk,
     author    = "Chatrchyan, S. and others",
     collaboration = "CMS",
     title     = "The {CMS} experiment at the {CERN} {LHC}",
     journal   = "JINST",
     volume    = "3",
     year      = "2008",
     pages     = "S08004",
     doi       = "10.1088/1748-0221/3/08/S08004",
     SLACcitation  = "%%CITATION = JINST,3,S08004;%%"
}
% An evergreen:
@Article{Beringer:1900zz,
      author         = "{Particle Data Group} and Beringer, J. and others",
      title          = "{Review of Particle Physics}",
      journal        = "Phys. Rev. D",
      volume         = "86",
      pages          = "010001",
      doi            = "10.1103/PhysRevD.86.010001",
      year           = "2012",
      SLACcitation   = "%%CITATION = PHRVA,D86,010001;%%",
}
%
% An example of a document which only appears on arXiv. This one could alternatively be cited as a TECHREPORT using any of the various laboratory report numbers when hosted on a lab server:
% reportNumber   = "CERN-PH-EP-2010-095, FERMILAB-TM-2480-PPD, LEPEWWG-2010-01, TEVEWWG-2010-01, ALEPH-2010-001-PHYSICS-2010-001, CDF-NOTE-10338, D0-NOTE-6130, DELPHI-DELPHI-2010-001-PHYS-952, L3-NOTE-2837, OPAL-PR432, SLAC-PUB-14301",
%
@UNPUBLISHED{LEPewkfits,
     author = "{ALEPH, CDF, D0, DELPHI, L3, OPAL, SLD Collaborations,
                                    the LEP Electroweak Working Group, the Tevatron Electroweak Working Group, and the SLD Electroweak and Heavy Flavour Groups}",
     title     = "Precision electroweak measurements and constraints on
the {Standard Model}",
     URL       = "http://lepewwg.web.cern.ch/LEPEWWG",
     eprint    = "1012.2367",
     archivePrefix = "arXiv",
     primaryClass  =  "hep-ex",
     year  = "2010",
     SLACcitation  = "%%CITATION = 1012.2367;%%"
}
%
% A document hosted on a laboratory server
%
@TECHREPORT{Bertram:2000br,
  author = " Bertram, I. and Landsberg, G. and Linnemann, J. and Partridge, R. and Paterno, M. and Prosper, H. B.",
  title =  "A Recipe for the construction of confidence limits",
  institution = "Fermilab",
  number     = "{TM-2104}",
  url = "http://lss.fnal.gov/archive/test-tm/2000/fermilab-tm-2104.pdf",
  year = "2000"
 }
 %
 % A document included in Proceedings. PRL may want the ADDRESS field as well.
 %
@INPROCEEDINGS{RooStats,
  AUTHOR       = "Moneta, L. and Belasco, K. and  Cranmer, K. S. and Lazzaro, A. and Piparo, D. and Schott, G. and Verkerke, W. and Wolf, M. ",
  TITLE        = "The {R}oo{S}tats {P}roject",
  BOOKTITLE = "13$^\text{th}$ International Workshop on Advanced Computing and Analysis Techniques in Physics Research (ACAT2010)",
  YEAR         = "2010",
  PUBLISHER = "SISSA",
  NOTE = "{PoS(ACAT2010)057}",
  URL          = "http://pos.sissa.it/archive/conferences/093/057/ACAT2010_057.pdf",
  eprint = "1009.1003",
  primaryClass = "physics.data-an"
}
%
% CMS/ATLAS papers submitted but not yet accepted; The SLACcitation is not required. This is only for illustration, these are now published.
% Upon acceptance the note is modified and the DOI included (if available).
%
@Unpublished{Khachatryan:2010mp,
     author    = "{CMS}",
     collaboration = "CMS",
     title     = "Search for Pair Production of First-Generation Scalar Leptoquarks in pp Collisions at $\sqrt{s} = 7$ {TeV}",
     note  = "Submitted to \textit{Phys. Rev. Lett.}",
     eprint    = "1012.4031",
     archivePrefix = "arXiv",
     primaryClass  =  "hep-ex",
     year = "2010",
     SLACcitation  = "%%CITATION = 1012.4031;%%"
}
@Unpublished{CMS-PAPER-MUO-10-004,
     author    = "{CMS}",
     collaboration = "CMS",
     title     = "Performance of CMS muon reconstruction in pp collision events at {$\sqrt{s} = 7$ TeV}",
     note  = "Submitted to \textit{J. Inst.}",
     eprint    = "1206.4071",
     archivePrefix = "arXiv",
     primaryClass  =  "physics.ins-det",
     year = "2012",
}
@Unpublished{ATLAS:2011aa,
        Archiveprefix = {arXiv},
        Author = {{ATLAS Collaboration}},
        Collaboration = {ATLAS},
        Eprint = {1112.2577},
        Note = {Submitted to \textit{Phys. Rev. Lett.}},
        Primaryclass = {hep-ex},
        Slaccitation = {%%CITATION = 1112.2577;%%},
        Title = {Search for the {H}iggs boson in the {$H\to$WW(*)$\to \ell^+ \nu \ell^- \bar{\nu}$} decay channel in pp collisions at $\sqrt{s}$ = 7 {TeV} with the {ATLAS} detector},
        Year = {2011}}
% Misc
@Article{Cacciari:2008gp,
     AUTHOR    = "Cacciari, Matteo and Salam, Gavin P. and Soyez, Gregory",
     TITLE     = "The anti-$k_t$ jet clustering algorithm",
     JOURNAL   = "JHEP",
     VOLUME    = "04",
     YEAR      = "2008",
     PAGES     = "063",
     doi       = "10.1088/1126-6708/2008/04/063",
     eprint         = "0802.1189",
     archivePrefix  = "arXiv",
     primaryClass   = "hep-ex",
}
@Article{Sjostrand:2006za,
      author         = "Sj$\ddot{\text{o}}$strand, Torbj$\ddot{\text{o}}$rn and Mrenna, Stephen and Skands, Peter",
      title          = "{PYTHIA} 6.4 physics and manual",
      journal        = "JHEP",
      volume         = "05",
      pages          = "026",
      doi            = "10.1088/1126-6708/2006/05/026",
      year           = "2006",
      eprint         = "hep-ph/0603175",
      archivePrefix  = "arXiv",
      primaryClass   = "hep-ph",
      reportNumber   = "FERMILAB-PUB-06-052-CD-T, LU-TP-06-13",
      SLACcitation   = "%%CITATION = HEP-PH/0603175;%%",
}
@INCOLLECTION{nu2,
    author        = "Giunti, C. and Laveder, M.",
    title         = "Neutrino mixing",
    booktitle     = "Developments in Quantum Physics",
    editor        = "Columbus, F. and Krasnoholovets, V.",
    publisher     = "Nova Science Publishers, Inc.",
    eprint        = "hep-ph/0310238",
    archivePrefix = "arXiv",
    primaryClass  = "hep-ph",
    year          = "2004",
    isbn          = "1-59454-003-9"
}

@Article{CMS-SUS-14-013,
		title      = "Search for supersymmetry in events with a photon, a lepton, and missing transverse momentum in pp collisions at $\sqrt{s}$= 8 TeV",
		collaboration = "CMS",
		journal   = "Phys. Lett. B",
		volume    = "757",
		year      = "2016",
		pages     = "6-31",
		doi       = "10.1016/j.physletb.2016.03.039",
		URL       = "https://arxiv.org/abs/1508.01218"
}
@Article{CMS-SUS-15-012,
		title      = "Search for supersymmetry in events with photons and missing transverse energy in pp collisions at 13 TeV",
		collaboration = "CMS",
		journal   = "Phys. Lett. B",
		volume    = "769",
		year      = "2016",
		pages     = "391",
		doi       = "	10.1016/j.physletb.2017.04.005",
		URL       = "https://arxiv.org/abs/1611.06604"
}


@TECHREPORT{K:MonoPho,
		collaboration = "CMS",
		title      ="Search for dark matter in monophoton final state at 13 TeV",
    TYPE      = "CMS AN",
    NUMBER     = "2016/078",
}
@Article{K:Bozzi,
		author     ="G. Bozzi et al.", 
		title      ="Production of Drell-Yan lepton pairs in hadron collisions Transverse-momentum resummation at next-to-next-to-leading logarithmic accuracy",
		journal   = "Phys. Lett. B",
		volume    = "696", 
		year      = "2011", 
		pages     = "207-213", 
		doi       = "10.1016/j.physletb.2010.12.024",
		eprint        = "1007.2351",
    archivePrefix = "arXiv"
}

@Article{CMS:Isolation,
		author     ="K. Rehermann and B. Tweedie", 
		title      ="Efficient identification of boosted semileptonic top quarks at the LHC",
		journal   = "JHEP",
		volume    = "03",
		year      = "2011",
		pages     = "059",
		doi       = "doi:10.1007/JHEP03(2011)059",
		eprint        = "1007.2221",
		archivePrefix = "arXiv"
}

@TECHREPORT{EGM:leptonScale,
		collaboration = "CMS",
		title      = "twiki:SUSY Leptons selection and Data/MC Scale Factors",
		URL        = "https://twiki.cern.ch/twiki/bin/view/CMS/SUSLeptonSF"
}

@Article{CMS:AK4Jet1,
		author     ="M. Cacciari, G. P. Salam, and G. Soyez", 
		title      ="The anti-kt jet clustering algorithm",
		journal   = "JHEP",
		volume    = "04",
		year      = "2008", 
		pages     = "063",
		doi       = "10.1088/1126-6708/2008/04/063",
		eprint        = "0802.1189",
		archivePrefix = "arXiv"
}

@Article{CMS:AK4Jet2,
		author     ="M. Cacciari, G. P. Salam, and G. Soyez", 
		title      ="FastJet user manual",
		journal   = "Eur. Phys. J. C",
		volume    = "72",
		year      = "2012",
		pages     = "1896",
		doi       = "10.1140/epjc/s10052-012-1896-2",
		eprint        = "1111.6097",
		archivePrefix = "arXiv"
}

@Article{CMS:JES,
		collaboration ="CMS",
		title      ="Jet energy scale and resolution in the CMS experiment in pp collisions at 8 TeV",
		journal   = "JINST",
		volume    = "12",
		year      = "2017", 
		pages     = "P02014",
		doi       = "10.1088/1748-0221/12/02/P02014",
		eprint        = "1607.03663",
		archivePrefix = "arXiv"
}

@Article{RooFit,
      author         = "Verkerke, Wouter and Kirkby, David P.",
      title          = "{The RooFit toolkit for data modeling}",
      journal        = "eConf",
      volume         = "C0303241",
      year           = "2003",
      pages          = "MOLT007",
      note           = "[186(2003)]",
      eprint         = "physics/0306116",
      archivePrefix  = "arXiv",
      primaryClass   = "physics",
      reportNumber   = "CHEP-2003-MOLT007",
      SLACcitation   = "%%CITATION = PHYSICS/0306116;%%"
}
@Article{Junk:1999kv,
      author         = "Junk, Thomas",
      title          = "Confidence level computation for combining searches with
                        small statistics",
      journal        = "Nucl. Instrum. Meth. A",
      volume         = "434",
      pages          = "435",
      doi            = "10.1016/S0168-9002(99)00498-2",
      year           = "1999",
      eprint         = "hep-ex/9902006",
      archivePrefix  = "arXiv",
      primaryClass   = "hep-ex",
      reportNumber   = "CARLETON-OPAL-PHYS-99-01, CERN-EP-99-041",
      SLACcitation   = "%%CITATION = HEP-EX/9902006;%%",
}
@techreport{CMS-NOTE-2011-005,
      title         = "{Procedure for the LHC Higgs boson search combination in
                       Summer 2011}",
      institution   = "CERN",
      collaboration = "The ATLAS Collaboration, The CMS Collaboration, The LHC
                       Higgs Combination Group",
      address       = "Geneva",
      number        = "CMS-NOTE-2011-005. ATL-PHYS-PUB-2011-11",
      year          = "2011",
      reportNumber  = "CMS-NOTE-2011-005",
      url           = "https://cds.cern.ch/record/1379837",
}
@Article{Read:2002hq,
      author         = "Read, Alexander L.",
      title          = "Presentation of search results: The \textit{CL}$_s$ technique",
      journal        = "J. Phys. G",
      volume         = "28",
      pages          = "2693",
      doi            = "10.1088/0954-3899/28/10/313",
      year           = "2002",
      SLACcitation   = "%%CITATION = JPAGA,G28,2693;%%",
}
@Article{Cowan2011,
author="Cowan, Glen
and Cranmer, Kyle
and Gross, Eilam
and Vitells, Ofer",
title="Asymptotic formulae for likelihood-based tests of new physics",
journal="The European Physical Journal C",
year="2011",
volume="71",
pages="1554",
issn="1434-6052",
doi="10.1140/epjc/s10052-011-1554-0",
url="https://doi.org/10.1140/epjc/s10052-011-1554-0"
}
@Article{CMS:ttxs,
      author         = "Khachatryan, Vardan and others",
      title          = "{Measurement of the $t\bar{t}$ production cross section
                        using events in the e$\mu$ final state in pp collisions at $\sqrt{s}=13$ TeV}",
      collaboration  = "CMS",
      journal        = "Eur. Phys. J. C",
      volume         = "77",
      year           = "2017",
      pages          = "172",
      doi            = "10.1140/epjc/s10052-017-4718-8",
      eprint         = "1611.04040",
      archivePrefix  = "arXiv",
      primaryClass   = "hep-ex",
      reportNumber   = "CMS-TOP-16-005, CERN-EP-2016-265",
      SLACcitation   = "%%CITATION = ARXIV:1611.04040;%%"
}

@Article{CMS:ttgxs,
      author         = "Sirunyan, Albert M and others",
      title          = "{Measurement of the semileptonic $t\bar{t} + \gamma$ production cross section in pp collisions at $ \sqrt{s}=8$ TeV}",
      collaboration  = "CMS",
      journal        = "JHEP",
      volume         = "10",
      year           = "2017",
      pages          = "006",
      doi            = "10.1007/JHEP10(2017)006",
      eprint         = "1706.08128",
      archivePrefix  = "arXiv",
      primaryClass   = "hep-ex",
      reportNumber   = "CMS-TOP-14-008, CERN-EP-2017-112",
      SLACcitation   = "%%CITATION = ARXIV:1706.08128;%%"
}
@techreport{CMS-PAS-LUM-17-001,
      title         = "{CMS Luminosity Measurements for the 2016 Data Taking
                       Period}",
      institution   = "CERN",
      collaboration = "CMS",
      address       = "Geneva",
      number        = "CMS-PAS-LUM-17-001",
      year          = "2017",
      reportNumber  = "CMS-PAS-LUM-17-001",
      url           = "http://cds.cern.ch/record/2257069",
}
@Article{madgraph233,
      author         = "Alwall, J. and Frederix, R. and Frixione, S. and Hirschi,
                        V. and Maltoni, F. and Mattelaer, O. and Shao, H. -S. and
                        Stelzer, T. and Torrielli, P. and Zaro, M.",
      title          = "{The automated computation of tree-level and
                        next-to-leading order differential cross sections, and
                        their matching to parton shower simulations}",
      journal        = "JHEP",
      volume         = "07",
      year           = "2014",
      pages          = "079",
      doi            = "10.1007/JHEP07(2014)079",
      eprint         = "1405.0301",
      archivePrefix  = "arXiv",
      primaryClass   = "hep-ph",
      reportNumber   = "CERN-PH-TH-2014-064, CP3-14-18, LPN14-066, MCNET-14-09,
                        ZU-TH-14-14",
      SLACcitation   = "%%CITATION = ARXIV:1405.0301;%%"
}
@Article{pdfNNPDF,
      author         = "Ball, Richard D. and others",
      title          = "{Parton distributions for the LHC Run II}",
      collaboration  = "NNPDF",
      journal        = "JHEP",
      volume         = "04",
      year           = "2015",
      pages          = "040",
      doi            = "10.1007/JHEP04(2015)040",
      eprint         = "1410.8849",
      archivePrefix  = "arXiv",
      primaryClass   = "hep-ph",
      reportNumber   = "EDINBURGH-2014-15, IFUM-1034-FT, CERN-PH-TH-2013-253,
                        OUTP-14-11P, CAVENDISH-HEP-14-11",
      SLACcitation   = "%%CITATION = ARXIV:1410.8849;%%"
}
@Article{pythia82,
      author         = "Sj{\"{o}}strand, Torbj{\"{o}}rn and Ask, Stefan and Christiansen,
                        Jesper R. and Corke, Richard and Desai, Nishita and Ilten,
                        Philip and Mrenna, Stephen and Prestel, Stefan and
                        Rasmussen, Christine O. and Skands, Peter Z.",
      title          = "{An Introduction to PYTHIA 8.2}",
      journal        = "Comput. Phys. Commun.",
      volume         = "191",
      year           = "2015",
      pages          = "159-177",
      doi            = "10.1016/j.cpc.2015.01.024",
      eprint         = "1410.3012",
      archivePrefix  = "arXiv",
      primaryClass   = "hep-ph",
      reportNumber   = "LU-TP-14-36, MCNET-14-22, CERN-PH-TH-2014-190,
                        FERMILAB-PUB-14-316-CD, DESY-14-178, SLAC-PUB-16122",
      SLACcitation   = "%%CITATION = ARXIV:1410.3012;%%"
}
@Article{cmstune,
      author         = "Khachatryan, Vardan and others",
      title          = "{Event generator tunes obtained from underlying event and
                        multiparton scattering measurements}",
      collaboration  = "CMS",
      journal        = "Eur. Phys. J.",
      volume         = "C76",
      year           = "2016",
      pages          = "155",
      doi            = "10.1140/epjc/s10052-016-3988-x",
      eprint         = "1512.00815",
      archivePrefix  = "arXiv",
      primaryClass   = "hep-ex",
      reportNumber   = "CMS-GEN-14-001, CERN-PH-EP-2015-291",
      SLACcitation   = "%%CITATION = ARXIV:1512.00815;%%"
}
@Article{Agostinelli:2002hh,
      author         = "Agostinelli, S. and others",
      title          = "{GEANT4: A Simulation toolkit}",
      collaboration  = "GEANT4",
      journal        = "Nucl. Instrum. Meth.",
      volume         = "A506",
      year           = "2003",
      pages          = "250-303",
      doi            = "10.1016/S0168-9002(03)01368-8",
      reportNumber   = "SLAC-PUB-9350, FERMILAB-PUB-03-339",
      SLACcitation   = "%%CITATION = NUIMA,A506,250;%%"
}
@Article{singlephotonMET,
	title          = "{Search for gauge-mediated supersymmetry in events with at least one photon and missing transverse momentum in pp collisions at $\sqrt{s} =$ 13 TeV}",
	collaboration  = "CMS",
	journal        = "Phys. Lett. B",
	volume         = "780",
	year	= "2018",
	pages          = "118",
	doi		="doi:https://doi.org/10.1016/j.physletb.2018.02.045",
	eprint         = "1711.08008",
	archivePrefix  = "arXiv"
}
}
