{
	@article{Anscombe1973,
	ISSN = {00031305},
	URL = {http://www.jstor.org/stable/2682899},
	author = {F. J. Anscombe},
	journal = {The American Statistician},
	number = {1},
	pages = {17-21},
	publisher = {[American Statistical Association, Taylor & Francis, Ltd.]},
	title = {Graphs in Statistical Analysis},
	volume = {27},
	year = {1973}
	}
}